@article{Article,
  title        = {Ссылка на статью},
  author       = {А. Автор},
  year         = 2020,
  journal      = {Невероятный},
  volume       = {2},
  number       = 4,
  pages        = {561--569},
  doi          = {10.1109/PGEC.1965.263996},
  language     = {russian}
}
@ONLINE{Wikipedia,
  author       = {Wikipedia},
  title        = {{\LaTeX}---Wikipedia{,} The Free Encyclopedia},
  year         = {2012},
  url          = {http://en.wikipedia.org/wiki/LaTeX},
  urldate      = {25.01.2012},
  language     = {russian}
}